<record><leader>00000cas a2200000 a 4500</leader><controlfield tag="001">12640876</controlfield><controlfield tag="008">851007d18851888ksuwr ne      0    0eng d</controlfield><datafield ind1=" " ind2=" " tag="010"><subfield code="a">sn 85066698 </subfield></datafield><datafield ind1=" " ind2=" " tag="040"><subfield code="a">KSH</subfield><subfield code="b">eng</subfield><subfield code="c">KSH</subfield><subfield code="d">NPT</subfield><subfield code="d">OCL</subfield><subfield code="d">OCLCQ</subfield></datafield><datafield ind1=" " ind2=" " tag="042"><subfield code="a">msc</subfield></datafield><datafield ind1="0" ind2=" " tag="130"><subfield code="a">Sun (St. John, Kan.)</subfield></datafield><datafield ind1="1" ind2="4" tag="245"><subfield code="a">The sun.</subfield></datafield><datafield ind1=" " ind2=" " tag="260"><subfield code="a">St. John, Kan. :</subfield><subfield code="b">C.B. Weeks,</subfield><subfield code="c">1885-1888.</subfield></datafield><datafield ind1=" " ind2=" " tag="300"><subfield code="a">4 v.</subfield></datafield><datafield ind1=" " ind2=" " tag="310"><subfield code="a">Weekly</subfield></datafield><datafield ind1="0" ind2=" " tag="362"><subfield code="a">Vol. 1, no. 1 (Jan. 20, 1885)-v. 4, no. 27 (July 19, 1888).</subfield></datafield><datafield ind1=" " ind2=" " tag="500"><subfield code="a">Publisher varies.</subfield></datafield><datafield ind1=" " ind2=" " tag="500"><subfield code="a">"Republican." Cf. Ayer, 1885.</subfield></datafield><datafield ind1=" " ind2=" " tag="752"><subfield code="a">United States</subfield><subfield code="b">Kansas</subfield><subfield code="c">Stafford</subfield><subfield code="d">St. John.</subfield></datafield><datafield ind1="0" ind2="0" tag="780"><subfield code="t">Sun (Macksville, Kan.)</subfield><subfield code="w">(DLC)sn 85066653</subfield></datafield><datafield ind1="0" ind2="7" tag="785"><subfield code="t">St. John advance</subfield><subfield code="w">(DLC)sn 85066693</subfield></datafield><datafield ind1="0" ind2="7" tag="785"><subfield code="t">St. John weekly news</subfield><subfield code="w">(DLC)sn 85066654</subfield></datafield><datafield ind1="1" ind2=" " tag="029"><subfield code="a">AU@</subfield><subfield code="b">000022170018</subfield></datafield></record>